/mnt/homer2/hilary/latex/lit/numerics.bib